@book{diff,
  title={Diffusion in condensed matter: methods, materials, models},
  author={Heitjans, Paul and K{\"a}rger, J{\"o}rg},
  isbn={3-540-20043-6},
  url={https://link.springer.com/book/10.1007/3-540-30970-5},
  year={2006},
  publisher={Springer Science \& Business Media}
}


@Misc{kakusan,
  title = {Diffusion Database (Kakusan)},
  author = 	 {},
  howpublished = {\url{https://diffusion.nims.go.jp/}},
  month = 	 {},
  year = 	 {}
}

@Misc{mygit,
  author = {Cap Morales, Shannon Nazareth},  
  title = {GitHub Repository: High temperature materials},  
  howpublished = {\url{https://github.com/ShannonNCM/High_temp_materials/blob/main/codes.ipynb}},  
  year = {2025}, 
  note = {Source code for data processing and visualization}  
}

@article{thermocalc,
  author   = {Andersson, J. O. and Helander, T. and H{\"o}glund, L. and Shi, P. F. and Sundman, B.},
  title    = {{Thermo-Calc} and {DICTRA}, Computational tools for materials science},
  journal  = {Calphad},
  year     = {2002},
  volume   = {26},
  number   = {2},
  pages    = {273--312},
  doi      = {10.1016/S0364-5916(02)00037-8}
}

@report{USGS_MCS2025,
  author       = {{U.S. Geological Survey}},
  title        = {Mineral Commodity Summaries 2025},
  year         = {2025},
  institution  = {U.S. Geological Survey},
  address      = {Reston, Virginia},
  doi          = {10.3133/mcs2025},
  url          = {https://pubs.usgs.gov/periodicals/mcs2025/mcs2025.pdf}
}